%YAML 1.1
%TAG !u! tag:unity3d.com,2011:
--- !u!1 &5878015212654565306
GameObject:
  m_ObjectHideFlags: 0
  m_CorrespondingSourceObject: {fileID: 0}
  m_PrefabInstance: {fileID: 0}
  m_PrefabAsset: {fileID: 0}
  serializedVersion: 6
  m_Component:
  - component: {fileID: 6546324134344674560}
  - component: {fileID: 7887751868428927653}
  - component: {fileID: 5373387822897149551}
  - component: {fileID: 6724875214692494057}
  - component: {fileID: 5099000170571631477}
  - component: {fileID: 5099000170571631474}
  - component: {fileID: 5099000170571631475}
  - component: {fileID: 8493375145084831084}
  m_Layer: 0
  m_Name: Light Beer
  m_TagString: Untagged
  m_Icon: {fileID: 0}
  m_NavMeshLayer: 0
  m_StaticEditorFlags: 0
  m_IsActive: 1
--- !u!4 &6546324134344674560
Transform:
  m_ObjectHideFlags: 0
  m_CorrespondingSourceObject: {fileID: 0}
  m_PrefabInstance: {fileID: 0}
  m_PrefabAsset: {fileID: 0}
  m_GameObject: {fileID: 5878015212654565306}
  m_LocalRotation: {x: 0, y: 0, z: 0, w: 1}
  m_LocalPosition: {x: -8.639633, y: 5.2263823, z: 32.1481}
  m_LocalScale: {x: 1.5, y: 1.5, z: 1.5}
  m_ConstrainProportionsScale: 0
  m_Children:
  - {fileID: 8987251276102298534}
  m_Father: {fileID: 0}
  m_RootOrder: 0
  m_LocalEulerAnglesHint: {x: 0, y: 0, z: 0}
--- !u!33 &7887751868428927653
MeshFilter:
  m_ObjectHideFlags: 0
  m_CorrespondingSourceObject: {fileID: 0}
  m_PrefabInstance: {fileID: 0}
  m_PrefabAsset: {fileID: 0}
  m_GameObject: {fileID: 5878015212654565306}
  m_Mesh: {fileID: 6121590469811200223, guid: 98d0f6703f307aa479ab25098e5b3879, type: 3}
--- !u!23 &5373387822897149551
MeshRenderer:
  m_ObjectHideFlags: 0
  m_CorrespondingSourceObject: {fileID: 0}
  m_PrefabInstance: {fileID: 0}
  m_PrefabAsset: {fileID: 0}
  m_GameObject: {fileID: 5878015212654565306}
  m_Enabled: 1
  m_CastShadows: 1
  m_ReceiveShadows: 1
  m_DynamicOccludee: 1
  m_StaticShadowCaster: 0
  m_MotionVectors: 1
  m_LightProbeUsage: 1
  m_ReflectionProbeUsage: 1
  m_RayTracingMode: 2
  m_RayTraceProcedural: 0
  m_RenderingLayerMask: 1
  m_RendererPriority: 0
  m_Materials:
  - {fileID: 2100000, guid: f3c6a15d64472ca488034ed94546283b, type: 2}
  m_StaticBatchInfo:
    firstSubMesh: 0
    subMeshCount: 0
  m_StaticBatchRoot: {fileID: 0}
  m_ProbeAnchor: {fileID: 0}
  m_LightProbeVolumeOverride: {fileID: 0}
  m_ScaleInLightmap: 1
  m_ReceiveGI: 1
  m_PreserveUVs: 0
  m_IgnoreNormalsForChartDetection: 0
  m_ImportantGI: 0
  m_StitchLightmapSeams: 1
  m_SelectedEditorRenderState: 3
  m_MinimumChartSize: 4
  m_AutoUVMaxDistance: 0.5
  m_AutoUVMaxAngle: 89
  m_LightmapParameters: {fileID: 0}
  m_SortingLayerID: 0
  m_SortingLayer: 0
  m_SortingOrder: 0
  m_AdditionalVertexStreams: {fileID: 0}
--- !u!136 &6724875214692494057
CapsuleCollider:
  m_ObjectHideFlags: 0
  m_CorrespondingSourceObject: {fileID: 0}
  m_PrefabInstance: {fileID: 0}
  m_PrefabAsset: {fileID: 0}
  m_GameObject: {fileID: 5878015212654565306}
  m_Material: {fileID: 0}
  m_IsTrigger: 0
  m_Enabled: 1
  m_Radius: 0.025
  m_Height: 0.17
  m_Direction: 2
  m_Center: {x: -0.00000095272406, y: -4.9164245e-10, z: -0.096922696}
--- !u!54 &5099000170571631477
Rigidbody:
  m_ObjectHideFlags: 0
  m_CorrespondingSourceObject: {fileID: 0}
  m_PrefabInstance: {fileID: 0}
  m_PrefabAsset: {fileID: 0}
  m_GameObject: {fileID: 5878015212654565306}
  serializedVersion: 2
  m_Mass: 1
  m_Drag: 0
  m_AngularDrag: 0.05
  m_UseGravity: 1
  m_IsKinematic: 0
  m_Interpolate: 0
  m_Constraints: 0
  m_CollisionDetection: 0
--- !u!114 &5099000170571631474
MonoBehaviour:
  m_ObjectHideFlags: 0
  m_CorrespondingSourceObject: {fileID: 0}
  m_PrefabInstance: {fileID: 0}
  m_PrefabAsset: {fileID: 0}
  m_GameObject: {fileID: 5878015212654565306}
  m_Enabled: 1
  m_EditorHideFlags: 0
  m_Script: {fileID: 11500000, guid: ad179a9e83dba5142adaaf7737678e8b, type: 3}
  m_Name: 
  m_EditorClassIdentifier: 
  onGrab:
    m_PersistentCalls:
      m_Calls:
      - m_Target: {fileID: 8493375145084831084}
        m_TargetAssemblyTypeName: Drink, Assembly-CSharp
        m_MethodName: GetDrunk
        m_Mode: 1
        m_Arguments:
          m_ObjectArgument: {fileID: 0}
          m_ObjectArgumentAssemblyTypeName: UnityEngine.Object, UnityEngine
          m_IntArgument: 0
          m_FloatArgument: 0
          m_StringArgument: 
          m_BoolArgument: 0
        m_CallState: 2
  onRelease:
    m_PersistentCalls:
      m_Calls: []
  onBecomesClosestGrabbable:
    m_PersistentCalls:
      m_Calls: []
  onNoLongerClosestGrabbable:
    m_PersistentCalls:
      m_Calls: []
  onBecomesClosestRemoteGrabbable:
    m_PersistentCalls:
      m_Calls: []
  onNoLongerClosestRemoteGrabbable:
    m_PersistentCalls:
      m_Calls: []
  onGrip:
    m_PersistentCalls:
      m_Calls: []
  onTrigger:
    m_PersistentCalls:
      m_Calls: []
  onTriggerDown:
    m_PersistentCalls:
      m_Calls: []
  onTriggerUp:
    m_PersistentCalls:
      m_Calls: []
  onButton1:
    m_PersistentCalls:
      m_Calls: []
  onButton1Down:
    m_PersistentCalls:
      m_Calls: []
  onButton1Up:
    m_PersistentCalls:
      m_Calls: []
  onButton2:
    m_PersistentCalls:
      m_Calls: []
  onButton2Down:
    m_PersistentCalls:
      m_Calls: []
  onButton2Up:
    m_PersistentCalls:
      m_Calls: []
  onSnapZoneEnter:
    m_PersistentCalls:
      m_Calls: []
  onSnapZoneExit:
    m_PersistentCalls:
      m_Calls: []
--- !u!114 &5099000170571631475
MonoBehaviour:
  m_ObjectHideFlags: 0
  m_CorrespondingSourceObject: {fileID: 0}
  m_PrefabInstance: {fileID: 0}
  m_PrefabAsset: {fileID: 0}
  m_GameObject: {fileID: 5878015212654565306}
  m_Enabled: 1
  m_EditorHideFlags: 0
  m_Script: {fileID: 11500000, guid: 5cdea428d48e2bb488d33d5f75c39bb9, type: 3}
  m_Name: 
  m_EditorClassIdentifier: 
  BeingHeld: 0
  GrabButton: 2
  Grabtype: 2
  GrabPhysics: 4
  GrabMechanic: 1
  GrabSpeed: 15
  RemoteGrabbable: 1
  RemoteGrabMechanic: 0
  RemoteGrabDistance: 2
  ThrowForceMultiplier: 2
  ThrowForceMultiplierAngular: 1.5
  BreakDistance: 0
  HideHandGraphics: 0
  ParentToHands: 0
  ParentHandModel: 1
  SnapHandModel: 1
  CanBeDropped: 1
  CanBeSnappedToSnapZone: 1
  ForceDisableKinematicOnDrop: 0
  InstantMovement: 0
  MakeChildCollidersGrabbable: 0
  handPoseType: 1
  SelectedHandPose: {fileID: 0}
  CustomHandPose: 0
  SecondaryGrabBehavior: 0
  TwoHandedPosition: 0
  TwoHandedPostionLerpAmount: 0.5
  TwoHandedRotation: 1
  TwoHandedRotationLerpAmount: 0.5
  TwoHandedDropBehavior: 0
  TwoHandedLookVector: 0
  SecondHandLookSpeed: 40
  SecondaryGrabbable: {fileID: 0}
  OtherGrabbableMustBeGrabbed: {fileID: 0}
  CollisionSpring: 3000
  CollisionSlerp: 500
  CollisionLinearMotionX: 2
  CollisionLinearMotionY: 2
  CollisionLinearMotionZ: 2
  CollisionAngularMotionX: 2
  CollisionAngularMotionY: 2
  CollisionAngularMotionZ: 2
  ApplyCorrectiveForce: 1
  MoveVelocityForce: 3000
  MoveAngularVelocityForce: 90
  LastGrabTime: 0
  LastDropTime: 0
  AddControllerVelocityOnDrop: 1
  collisions: []
  ActiveGrabPoint: {fileID: 0}
  SecondaryLookOffset: {x: 0, y: 0, z: 0}
  SecondaryLookAtTransform: {fileID: 0}
  LocalOffsetTransform: {fileID: 0}
  GrabPoints: []
  UseCustomInspector: 1
  lastFlickTime: 0
  FlickForce: 1
--- !u!114 &8493375145084831084
MonoBehaviour:
  m_ObjectHideFlags: 0
  m_CorrespondingSourceObject: {fileID: 0}
  m_PrefabInstance: {fileID: 0}
  m_PrefabAsset: {fileID: 0}
  m_GameObject: {fileID: 5878015212654565306}
  m_Enabled: 1
  m_EditorHideFlags: 0
  m_Script: {fileID: 11500000, guid: ece620121db89fd418e1932a36cd8742, type: 3}
  m_Name: 
  m_EditorClassIdentifier: 
  mainCam: {fileID: 0}
  player: {fileID: 0}
  playerHealth: {fileID: 0}
  health: {fileID: 0}
  drunkMan: {fileID: 4651667301400820702, guid: bdd46cea9befc494c9e922747f9ddcca,
    type: 2}
  strength: 8
--- !u!1001 &5099000170851995612
PrefabInstance:
  m_ObjectHideFlags: 0
  serializedVersion: 2
  m_Modification:
    m_TransformParent: {fileID: 6546324134344674560}
    m_Modifications:
    - target: {fileID: 4213795611944346746, guid: 9e3b0bca4dce07c4cac56011bea1487d,
        type: 3}
      propertyPath: m_Pivot.x
      value: 0.5
      objectReference: {fileID: 0}
    - target: {fileID: 4213795611944346746, guid: 9e3b0bca4dce07c4cac56011bea1487d,
        type: 3}
      propertyPath: m_Pivot.y
      value: 0.5
      objectReference: {fileID: 0}
    - target: {fileID: 4213795611944346746, guid: 9e3b0bca4dce07c4cac56011bea1487d,
        type: 3}
      propertyPath: m_RootOrder
      value: 0
      objectReference: {fileID: 0}
    - target: {fileID: 4213795611944346746, guid: 9e3b0bca4dce07c4cac56011bea1487d,
        type: 3}
      propertyPath: m_AnchorMax.x
      value: 0.5
      objectReference: {fileID: 0}
    - target: {fileID: 4213795611944346746, guid: 9e3b0bca4dce07c4cac56011bea1487d,
        type: 3}
      propertyPath: m_AnchorMax.y
      value: 0.5
      objectReference: {fileID: 0}
    - target: {fileID: 4213795611944346746, guid: 9e3b0bca4dce07c4cac56011bea1487d,
        type: 3}
      propertyPath: m_AnchorMin.x
      value: 0.5
      objectReference: {fileID: 0}
    - target: {fileID: 4213795611944346746, guid: 9e3b0bca4dce07c4cac56011bea1487d,
        type: 3}
      propertyPath: m_AnchorMin.y
      value: 0.5
      objectReference: {fileID: 0}
    - target: {fileID: 4213795611944346746, guid: 9e3b0bca4dce07c4cac56011bea1487d,
        type: 3}
      propertyPath: m_SizeDelta.x
      value: 1
      objectReference: {fileID: 0}
    - target: {fileID: 4213795611944346746, guid: 9e3b0bca4dce07c4cac56011bea1487d,
        type: 3}
      propertyPath: m_SizeDelta.y
      value: 1
      objectReference: {fileID: 0}
    - target: {fileID: 4213795611944346746, guid: 9e3b0bca4dce07c4cac56011bea1487d,
        type: 3}
      propertyPath: m_LocalScale.x
      value: 0.0888889
      objectReference: {fileID: 0}
    - target: {fileID: 4213795611944346746, guid: 9e3b0bca4dce07c4cac56011bea1487d,
        type: 3}
      propertyPath: m_LocalScale.y
      value: 0.08888887
      objectReference: {fileID: 0}
    - target: {fileID: 4213795611944346746, guid: 9e3b0bca4dce07c4cac56011bea1487d,
        type: 3}
      propertyPath: m_LocalScale.z
      value: 0.08888889
      objectReference: {fileID: 0}
    - target: {fileID: 4213795611944346746, guid: 9e3b0bca4dce07c4cac56011bea1487d,
        type: 3}
      propertyPath: m_LocalPosition.x
      value: 0
      objectReference: {fileID: 0}
    - target: {fileID: 4213795611944346746, guid: 9e3b0bca4dce07c4cac56011bea1487d,
        type: 3}
      propertyPath: m_LocalPosition.y
      value: 0
      objectReference: {fileID: 0}
    - target: {fileID: 4213795611944346746, guid: 9e3b0bca4dce07c4cac56011bea1487d,
        type: 3}
      propertyPath: m_LocalPosition.z
      value: -0.155
      objectReference: {fileID: 0}
    - target: {fileID: 4213795611944346746, guid: 9e3b0bca4dce07c4cac56011bea1487d,
        type: 3}
      propertyPath: m_LocalRotation.w
      value: 0.7071068
      objectReference: {fileID: 0}
    - target: {fileID: 4213795611944346746, guid: 9e3b0bca4dce07c4cac56011bea1487d,
        type: 3}
      propertyPath: m_LocalRotation.x
      value: 0
      objectReference: {fileID: 0}
    - target: {fileID: 4213795611944346746, guid: 9e3b0bca4dce07c4cac56011bea1487d,
        type: 3}
      propertyPath: m_LocalRotation.y
      value: 0.7071068
      objectReference: {fileID: 0}
    - target: {fileID: 4213795611944346746, guid: 9e3b0bca4dce07c4cac56011bea1487d,
        type: 3}
      propertyPath: m_LocalRotation.z
      value: 0
      objectReference: {fileID: 0}
    - target: {fileID: 4213795611944346746, guid: 9e3b0bca4dce07c4cac56011bea1487d,
        type: 3}
      propertyPath: m_AnchoredPosition.x
      value: 0
      objectReference: {fileID: 0}
    - target: {fileID: 4213795611944346746, guid: 9e3b0bca4dce07c4cac56011bea1487d,
        type: 3}
      propertyPath: m_AnchoredPosition.y
      value: 0
      objectReference: {fileID: 0}
    - target: {fileID: 4213795611944346746, guid: 9e3b0bca4dce07c4cac56011bea1487d,
        type: 3}
      propertyPath: m_LocalEulerAnglesHint.x
      value: 0
      objectReference: {fileID: 0}
    - target: {fileID: 4213795611944346746, guid: 9e3b0bca4dce07c4cac56011bea1487d,
        type: 3}
      propertyPath: m_LocalEulerAnglesHint.y
      value: 90
      objectReference: {fileID: 0}
    - target: {fileID: 4213795611944346746, guid: 9e3b0bca4dce07c4cac56011bea1487d,
        type: 3}
      propertyPath: m_LocalEulerAnglesHint.z
      value: 0
      objectReference: {fileID: 0}
    - target: {fileID: 4213795611944346747, guid: 9e3b0bca4dce07c4cac56011bea1487d,
        type: 3}
      propertyPath: m_Name
      value: RingHelper
      objectReference: {fileID: 0}
    - target: {fileID: 6799183511233398105, guid: 9e3b0bca4dce07c4cac56011bea1487d,
        type: 3}
      propertyPath: m_PresetInfoIsWorld
      value: 1
      objectReference: {fileID: 0}
    m_RemovedComponents: []
  m_SourcePrefab: {fileID: 100100000, guid: 9e3b0bca4dce07c4cac56011bea1487d, type: 3}
--- !u!224 &8987251276102298534 stripped
RectTransform:
  m_CorrespondingSourceObject: {fileID: 4213795611944346746, guid: 9e3b0bca4dce07c4cac56011bea1487d,
    type: 3}
  m_PrefabInstance: {fileID: 5099000170851995612}
  m_PrefabAsset: {fileID: 0}
